@MISC{TodoMVC,
	author = "",
	title = "{TodoMVC}",
	howpublished = "\url{http://todomvc.com/}",
	note = {Accessed: 2015-10-18}
}




@MISC{React,
	author = "Facebook Inc.",
	title = "React",
	howpublished = "\url{https://facebook.github.io/react/}",
	note = {Accessed: 2015-10-19}
}

@MISC{React-Virtual-DOM,
	author = "Facebook Inc.",
	title = "React, Working With the Browser",
	howpublished = "\url{http://facebook.github.io/react/docs/working-with-the-browser.html}",
	note = {Accessed: 2015-10-19}
}

@MISC{JSX,
	author = "Facebook Inc.",
	title = "{JSX Specification}",
	howpublished = "\url{https://facebook.github.io/jsx/}",
	note = {Accessed: 2015-10-19}
}

@MISC{Flux,
	author = "Facebook Inc.",
	title = "Flux website",
	howpublished = "\url{https://facebook.github.io/flux/docs/overview.html}",
	note = {Accessed: 2015-10-19}
}



@MISC{Angular,
	author = "Google",
	title = "{AngularJS}",
	howpublished = "\url{https://www.angularjs.org/}",
	note = {Accessed: 2015-10-19}
}

@MISC{Angular-Developer-DataBinding,
	author = "Google",
	title = "{AngularJS, Developer Guide, Data Binding}",
	howpublished = "\url{https://docs.angularjs.org/guide/databinding}",
	note = {Accessed: 2015-10-19}
}

@MISC{Angular-AJAX,
	author = "Google",
	title = "{AngularJS, API Reference, http}",
	howpublished = "\url{https://docs.angularjs.org/api/ng/service/$http}",
	note = {Accessed: 2015-10-19}
}




@MISC{MSX,
	author = "",
	title = "{MSX}",
	howpublished = "\url{https://github.com/insin/msx}",
}

@MISC{Mithril,
	author = "",
	title = "Mithril",
	howpublished = "\url{http://mithril.js.org/}",
}

@MISC{Mithril-request,
	author = "",
	title = "Mithril, m.request",
	howpublished = "\url{http://mithril.js.org/mithril.request.html}",
}

@MISC{Mithril-routing,
	author = "",
	title = "Mithril, Routing",
	howpublished = "\url{http://mithril.js.org/routing.html}",
}




@MISC{InfoC,
	author = "Dr.~Zolt√°n Czirkos",
	title = "InfoC",
	howpublished = "\url{https://infoc.eet.bme.hu}",
	note = {Accessed: 2015-10-18}
}




