@MISC{TodoMVC,
	author = "",
	title = "{TodoMVC}",
	howpublished = "\url{http://todomvc.com/}",
	note = {Accessed: 2015-10-18}
}




@MISC{React,
	author = "Facebook Inc.",
	title = "{React}",
	howpublished = "\url{https://facebook.github.io/react/}",
	note = {Accessed: 2015-10-19}
}

@MISC{React-Virtual-DOM,
	author = "Facebook Inc.",
	title = "{React, Working With the Browser}",
	howpublished = "\url{http://facebook.github.io/react/docs/working-with-the-browser.html}",
	note = {Accessed: 2015-10-19}
}

@MISC{JSX,
	author = "Facebook Inc.",
	title = "{JSX Specification}",
	howpublished = "\url{https://facebook.github.io/jsx/}",
	note = {Accessed: 2015-10-19}
}

@MISC{Flux,
	author = "Facebook Inc.",
	title = "{Flux website}",
	howpublished = "\url{https://facebook.github.io/flux/docs/overview.html}",
	note = {Accessed: 2015-10-19}
}



@MISC{Angular,
	author = "Google",
	title = "{AngularJS}",
	howpublished = "\url{https://www.angularjs.org/}",
	note = {Accessed: 2015-10-19}
}

@MISC{Angular-Developer-DataBinding,
	author = "Google",
	title = "{AngularJS, Developer Guide, Data Binding}",
	howpublished = "\url{https://docs.angularjs.org/guide/databinding}",
	note = {Accessed: 2015-10-19}
}

@MISC{Angular-AJAX,
	author = "Google",
	title = "{AngularJS, API Reference, http}",
	howpublished = "\url{https://docs.angularjs.org/api/ng/service/$http}",
	note = {Accessed: 2015-10-19}
}

@MISC{Angular-Location,
	author = "Google",
	title = "{AngularJS, API Reference, location}",
	howpublished = "\url{https://docs.angularjs.org/api/ng/service/$location}",
	note = {Accessed: 2015-10-19}
}

@MISC{Angular-Location2,
	author = "Google",
	title = "{AngularJS, Tutorial 7, Routing and Multiple Views}",
	howpublished = "\url{https://docs.angularjs.org/tutorial/step_07}",
	note = {Accessed: 2015-10-19}
}




@MISC{MSX,
	author = "Jonny Buchanan",
	title = "{MSX}",
	howpublished = "\url{https://github.com/insin/msx}",
	note = {Accessed: 2015-10-20}
}

@MISC{Mithril,
	author = "Leo Horie",
	title = "{Mithril}",
	howpublished = "\url{http://mithril.js.org/}",
	note = {Accessed: 2015-10-20}
}

@MISC{Mithril-m,
	author = "Leo Horie",
	title = "{Mithril, m}",
	howpublished = "\url{http://mithril.js.org/mithril.html}",
	note = {Accessed: 2015-10-20}
}

@MISC{Mithril-withAttr,
	author = "Leo Horie",
	title = "{Mithril, withAttr}",
	howpublished = "\url{http://mithril.js.org/mithril.withAttr.html}",
	note = {Accessed: 2015-10-20}
}

@MISC{Mithril-request,
	author = "Leo Horie",
	title = "{Mithril, m.request}",
	howpublished = "\url{http://mithril.js.org/mithril.request.html}",
	note = {Accessed: 2015-10-20}
}

@MISC{Mithril-webservice,
	author = "Leo Horie",
	title = "{Mithril, Web Services}",
	howpublished = "\url{http://mithril.js.org/web-services.html}",
	note = {Accessed: 2015-10-20}
}

@MISC{Mithril-routing,
	author = "Leo Horie",
	title = "{Mithril, Routing}",
	howpublished = "\url{http://mithril.js.org/routing.html}",
	note = {Accessed: 2015-10-20}
}

@MISC{Mithril-render,
	author = "Leo Horie",
	title = "{Mithril, Render}",
	howpublished = "\url{https://lhorie.github.io/mithril/mithril.render.html}",
	note = {Accessed: 2015-10-20}
}

@MISC{Mithril-redraw,
	author = "Leo Horie",
	title = "{Mithril, The Auto-Redrawing System}",
	howpublished = "\url{http://mithril.js.org/auto-redrawing.html}",
	note = {Accessed: 2015-10-20}
}




@MISC{InfoC,
	author = "Dr.~Zolt√°n Czirkos",
	title = "{InfoC}",
	howpublished = "\url{https://infoc.eet.bme.hu}",
	note = {Accessed: 2015-10-18}
}

@MISC{Thesaurus,
	author = "Dictionary.com",
	title = "{Thesaurus.com | Find Synonyms and Antonyms of Words at Thesaurus.com}",
	howpublished = "\url{http://www.thesaurus.com/}",
	note = {Accessed: 2015-10-18}
}

@MISC{Dictionary,
	author = "Dictionary.com",
	title = "{Dictionary.com | Find the Meanings and Definitions of Words at Dictionary.com}",
	howpublished = "\url{http://dictionary.reference.com/}",
	note = {Accessed: 2015-10-18}
}


